@article{Author1999,
    author = {Author, A. and Author, B.},
    title = {Article Title},
    journal = {Journal Name},
    volume = {Volume},
    number = {Number},
    pages = {Page Range},
    year = {1999}
}
